@article{test,
    author = {lastname, firstname},
    journal = {journal},
    title = {title},
    year = {2019}
}